4220 5644
610 267 656 371 6
758 197 764 210 ἢ
1038 256 1162 420 Ustrs
1197 211 1518 368 Tabularum.

608 430 697 503 Goae
705 432 901 530 contingere
909 425 1024 502 debuit
1043 428 1204 526 Belipsn,
1221 455 1295 528 quae
1313 435 1456 530 contigit
1475 425 1600 500 Panfiis
1617 425 1701 502 hori
1718 429 1838 532 quinti
1854 453 1964 509 mutua

610 523 701 616 tini,
719 524 954 624 respondemus
964 527 1231 605 horinonicum
1240 538 1297 620 46.
1307 535 1464 606 minutis,
1479 526 1595 601 addito
1608 524 1800 604 differenti:
1810 537 1960 606 meridia·

607 647 729 697 norum
748 647 928 722 tempore,
949 627 1024 698 crim
1044 629 1155 716 reveri
1179 626 1298 699 eodem
1317 649 1469 796 renqpore
1496 627 1606 724 plures
1632 626 1722 702 lrorae
1740 617 1965 704 numerentur'

606 725 694 797 Goae
705 723 805 823 quim
817 720 1026 811 i‘arisris5led
1035 723 1253 800 subtrahenda
1263 731 1324 800 erit
1334 724 1367 798 di
1393 730 1518 798 erenria
1531 724 1791 802 meridianorum
1800 753 1863 827 pro
1873 731 1958 802 loeis

606 823 934 896 occidentaiioribns.
1489 831 1493 838 '

652 923 770 992 Tertia
782 919 946 994 corrediio
955 945 1028 1022 que
1037 919 1327 1019 diciturAEqurrio
1341 926 1503 1020 temporie
1516 969 1527 1002 ‚
1539 927 1574 996 δι
1586 917 1828 1020 rppereur,vel
1841 947 1958 998 verum

602 1026 917 1116 tempusconverrit
926 1023 961 1090 ln
971 1019 1118 1090 medium
1128 1075 1140 1108 ,
1158 1019 1209 1090 vel
1221 1017 1357 1096 contri,
1397 1017 1574 1092 erendaest
1589 1045 1630 1090 ex
1648 1021 1869 1122 inaequrlitate
1887 1024 1958 1094 die·

603 1138 690 1190 rum.
714 1116 880 1188 Trbulem
889 1117 987 1212 hujus
996 1121 1193 1219 aequationis
1203 1116 1352 1192 dedimus
1362 1045 1403 1192 de
1413 1119 1508 1213 eujus
1516 1115 1766 1194 coostrudlione
1782 1119 1882 1192 uobis
1899 1116 1958 1196 hic

601 1235 707 1310 pauca
716 1209 793 1286 sunt
803 1212 952 1290 dicenda.

652 1312 685 1382 Si
702 1311 917 1412 horologium
938 1319 1026 1386 intra
1043 1309 1183 1413 spatium
1197 1321 1298 1386 unius
1315 1315 1392 1388 anni
1409 1313 1521 1386 eradii
1537 1309 1714 1387 seerrndrim
1733 1333 1869 1386 morum
1886 1337 1959 1388 me·

601 1405 694 1480 dium
706 1407 1005 1503 summoveretur,
1024 1413 1260 1514 meridiemque
1278 1407 1375 1484 semel
1386 1407 1526 1484 notailet
1544 1408 1611 1485 sole
1628 1417 1663 1484 in
1681 1411 1865 1486 meridiano
1882 1438 1958 1488 ver-

600 1499 717 1596 sante,
735 1509 800 1578 alio
815 1515 937 1606 quovis
946 1532 1098 1610 tempore
1109 1507 1461 1612 differentratemporis
1471 1517 1556 1582 inter
1569 1531 1780 1582 momentum
1790 1535 1860 1612 qrro
1877 1534 1956 1588 een·

599 1622 691 1675 rrum
709 1601 786 1677 solis
803 1608 963 1679 circulum
980 1611 1196 1683 meridianum
1214 1615 1325 1710 tetigit
1339 1609 1552 1682 &meridiem
1567 1608 1609 1681 ab
1617 1609 1800 1709 horologio
1809 1607 1957 1712 desrgna·

598 1722 672 1772 rum
683 1700 826 1793 ,dicitur
835 1709 980 1798 AEquarir
989 1714 1127 1802 temporis
1136 1764 1149 1798 ‚
1158 1709 1199 1779 ab
1208 1733 1250 1781 eo
1260 1705 1381 1780 scilicet
1391 1731 1542 1806 tempore
1556 1732 1626 1805 qrro
1636 1703 1684 1778 sol
1694 1705 1958 1810 &horologium

599 1795 695 1871 simul
705 1801 873 1873 meridiem
884 1803 948 1875 defi
973 1805 1108 1881 nubant.
1135 1807 1242 1902 Quod
1252 1806 1391 1878 dicimur
1401 1807 1441 1878 de
1451 1803 1605 1895 meridie,
1622 1804 1709 1877 idern
1728 1802 1769 1876 de
1778 1805 1841 1878 alia
1875 1810 1960 1880 urii·

598 1896 657 1970 bet
674 1898 756 1970 hora
773 1830 1013 2002 intelligendur.
1046 1933 1055 1974 t
1073 1905 1225 2003 adeoque
1241 1907 1404 2002 AEqnatio
1429 1907 1590 1998 temporis
1623 1902 1713 1974 eliud
1728 1901 1812 1976 nilril
1833 1831 1881 1976 ed
1896 1903 1959 1978 oili

597 1991 784 2070 differentia
802 2003 838 2069 in
859 2018 992 2096 tempus
1010 2002 1155 2074 medium
1175 1999 1331 2074 conversa
1351 2007 1438 2073 inter
1458 2007 1651 2097 portionem
1661 2007 1841 2103 aequrtorir
1854 2026 1956 2104 quem

595 2096 710 2166 circuli
719 2095 891 2168 meridiani
901 2096 992 2169 dudii
1005 2122 1062 2196 per
1073 2101 1144 2173 duo
1155 2103 1319 2200 Eelipticoe
1331 2098 1453 2196 punsta
1471 2097 1658 2190 defrniunr,
1675 2105 1710 2168 δι
1729 2122 1867 2172 motum
1886 2115 1956 2174 me-

593 2191 688 2361 diprsp
707 2187 784 2362 [αἰὲς
796 2215 838 2268 eo
851 2202 1012 2294 temporis
1030 2193 1158 2297 spatio,
1174 2224 1247 2301 quo
1265 2197 1316 2271 sol
1332 2201 1351 2274 i
1366 2198 1615 2297 primopundio
1631 2193 1955 2297 adsecundumpro·

619 2314 635 2360 r
680 2313 745 2362 use
774 2343 784 2367 .

595 2315 619 2391 g
644 2391 737 2462 Hinc
746 2385 954 2464 manifestum
962 2391 1009 2467 est
1017 2389 1616 2496 temporirAEqurtlonemdquolibet
1633 2397 1711 2466 anni
1728 2413 1882 2492 tempore
1897 2393 1953 2470 vei

592 2485 763 2584 Eclipticae
780 2487 910 2586 pundio
926 2495 1060 2567 initium
1069 2489 1196 2565 sumere
1206 2489 1306 2588 polle.
1332 2497 1382 2564 Ac
1400 2489 1555 2589 praetered
1566 2489 1685 2566 honere
1710 2497 1883 2564 ortionem
1896 2485 1951 2564 vel

593 2584 867 2688 gradiburmorus
877 2597 1061 2686 apparentis
1071 2612 1129 2664 aut
1138 2593 1237 2664 medii
1248 2585 1327 2663 solie
1336 2592 1388 2664 vel
1397 2589 1513 2664 diebus
1524 2516 1823 2688 apparentilrurvel
1833 2591 1952 2663 mediis

593 2677 685 2780 polle
697 2683 750 2754 rilr
773 2690 852 2758 nari.
877 2681 1446 2790 Nollrrrutemtemporieaequrtio
1463 2687 1559 2760 rdfin
1584 2687 1948 2789 ulosgrrdurlongitrr·

592 2779 680 2854 dinis
696 2709 811 2856 medie
828 2779 904 2854 solis
920 2779 986 2856 firit
1003 2789 1274 2876 accommodata,
1291 2794 1339 2859 itr
1356 2807 1467 2860 ermen
1481 2807 1520 2858 ut
1536 2714 1583 2860 ad
1590 2809 1716 2858 annum
1734 2807 1830 2871 1700.
1839 2783 1948 2884 primi

592 2875 647 2954 die
656 2882 804 2979 Jrnuarii
813 2879 881 2951 haec
893 2889 1035 2980 aequatio
1046 2883 1115 2956 srto
1126 2886 1179 2956 vel
1188 2881 1280 2956 nulle
1289 2889 1324 2956 io
1334 2883 1470 2956 meridie
1482 2881 1581 2955 medii
1591 2889 1752 2980 temporis
1760 2887 1814 2956 cul
1824 2881 1947 2956 rediere

591 2997 750 3048 motuum
769 2973 904 3049 fuerunt
921 2985 1040 3077 optate
1057 3007 1069 3064 3
1086 2976 1141 3056 led
1154 3003 1236 3054 runc
1254 2978 1398 3054 ascensio
1416 2979 1504 3052 resta
1524 2985 1596 3052 veri
1612 2975 1948 3078 locisolirsuperabrr

591 3073 1486 3178 mediumejurloeum1⁹.3¹.3o'¹.quamobtenrsrquir
1502 3101 1566 3176 pro
1583 3077 1738 3177 quolibet
1754 3101 1846 3150 enno
1864 3101 1947 3176 pro-

590 3169 704 3269 posrto
722 3179 919 3271 equationis
936 3183 1097 3274 temporis
1114 3176 1259 3249 tabulam
1278 3173 1398 3247 noilrit
1416 3175 1622 3271 planetarum
1640 3173 1791 3248 moribus
1815 3199 1945 3248 conve·

592 3277 740 3344 nientem
753 3269 1076 3363 rondetevoluerir,
1096 3274 1206 3372 primi>
1223 3273 1264 3347 ad
1280 3269 1464 3374 quemlibet
1475 3273 1614 3374 grrdunr
1628 3273 1741 3346 media
1758 3270 1946 3376 longitudi-

590 3375 642 3441 nis
659 3366 736 3441 soiir
754 3391 795 3441 eo
812 3392 902 3440 anno
919 3392 1087 3468 queratur
1097 3395 1195 3445 verus
1213 3368 1307 3443 iocur
1325 3367 1403 3446 solis
1421 3379 1455 3446 dr
1471 3373 1544 3464 ejus
1557 3367 1698 3446 aseensro
1715 3369 1821 3451 tedia,
1837 3369 1857 3441 l
1873 3367 1944 3471 qud

589 3464 762 3540 subtractis
779 3470 830 3539 1⁹.
843 3469 880 3556 3¹.
894 3467 1363 3557 30¹¹.fietaseensrocorre6ia‚
1381 3463 1688 3565 quesraufetrrurd
1705 3467 1812 3540 media
1830 3469 1944 3570 longi-

588 3565 706 3637 tudine
714 3561 873 3661 allumptr
885 3561 936 3636 vel
945 3565 1013 3639 hec
1024 3567 1066 3640 ab
1075 3564 1152 3656 ille,
1170 3564 1291 3640 hocell
1309 3567 1603 3658 minorinrrjote,
1619 3561 1784 3637 resrduom
1795 3587 1940 3638 eonver-

587 3658 658 3738 sum
669 3669 703 3734 in
713 3669 841 3734 minuta
851 3663 1001 3742 horaria.
1018 3671 1234 3764 eritaequrrio
1251 3667 1412 3760 temporis
1428 3669 1632 3734 conveniens
1649 3657 1851 3763 longitudini
1870 3685 1943 3735 me·

587 3759 735 3832 diaelolir
746 3757 923 3854 ailrrmptoe.
949 3763 1009 3834 Sed
1018 3761 1085 3835 lrec
1098 3767 1243 3861 equatio
1259 3767 1321 3834 erit
1339 3759 1524 3832 additivrli
1542 3756 1719 3862 longitudo
1738 3762 1846 3834 media
1862 3757 1943 3834 solie

587 3855 686 3930 fuerit
696 3856 999 3932 minorasernsrone
1009 3859 1395 3944 rediecorred‘trreontrr
1405 3854 1426 3926 sr
1437 3859 1615 3958 longitudo
1625 3855 1664 3928 srt
1681 3860 1811 3952 major,
1828 3883 1941 3958 2an-

586 3961 640 4030 tio
661 3962 725 4026 erit
740 3952 953 4030 iuberentur.
977 3959 1117 4032 Urimur
1135 3979 1246 4031 autem
1261 3957 1320 4028 hac
1342 3957 1454 4056 regule
1470 3965 1604 4054 quoties
1621 3977 1754 4052 tempus
1777 3977 1940 4053 apparens

586 4053 639 4126 vel
649 4077 766 4124 vemm
778 4062 813 4126 in
823 4053 968 4128 medium
978 4057 1239 4130 convertendum
1250 4060 1473 4153 proponitur,
1488 4059 1694 4134 eontrarium
1704 4057 1766 4126 erit
1777 4077 1840 4151 pro
1852 4077 1938 4128 eou-

586 4148 736 4228 versrone
744 4159 906 4251 temporit
916 4154 1015 4227 medii
1025 4158 1061 4226 in
1069 4177 1239 4252 apparens.

635 4248 840 4349 Exhirprrer
851 4273 986 4322 omnem
996 4257 1192 4352 aquationis
1200 4251 1361 4342 temporit
1371 4242 1591 4322 differentiam
1609 4253 1707 4320 vatiie
1725 4249 1938 4346 temporibus

584 4369 624 4418 err
639 4346 861 4448 Apogaeisolir
871 4369 969 4420 moru
978 4354 1080 4437 oriri,
1098 4371 1174 4420 nrm
1187 4345 1300 4420 eidem
1314 4367 1468 4417 manente
1477 4343 1687 4441 longirudlne
1697 4349 1826 4437 medie,
1843 4353 1936 4422 varia

582 4452 644 4520 erit
654 4453 798 4552 equitio
811 4453 918 4526 ceneri
928 4443 1005 4524 solit
1014 4501 1027 4541 ,
1043 4441 1421 4530 &vanaaseensroreeta
1430 4498 1444 4534 ,
1461 4466 1526 4542 pro
1539 4448 1629 4518 varia
1639 4445 1814 4531 anomalia,
