4150 5654
502 243 967 408 Ususlhbularum.
1388 279 1474 354 101

199 421 373 522 Pervagata
389 417 636 521 elidrvuigaris
657 420 723 492 hare
743 399 943 504 methodus,
969 415 1132 488 nonnulla
1148 433 1260 489 tamen
1275 423 1359 492 cirea
1378 415 1491 495 centri
1572 483 1575 490 ,
1627 495 1630 502 ,

156 517 236 590 Solis
254 525 431 619 imaginem
443 517 677 592 consideranda
693 516 795 607 sunt,
819 514 860 586 de
876 513 997 612 quibus
1011 511 1257 588 observatorem
1275 535 1484 616 praemoneri.

153 613 229 688 dum
250 611 311 686 else
324 619 490 690 duximus.

199 715 261 782 Via
277 720 383 784 centri
394 711 479 785 Solis
488 737 523 785 ea
534 709 621 784 estin
631 712 732 809 plano
746 763 756 798 ,
772 709 948 807 quaradio
960 733 999 778 ex
1016 723 1134 779 centro
1143 709 1226 780 Solis
1243 704 1356 781 emisso
1375 719 1407 785 dr
1424 735 1482 806 per

156 809 297 880 medium
311 806 462 882 foramen
470 808 658 882 transeunte
668 807 870 878 describitur.
882 809 927 874 At
938 804 1018 876 verb
1028 829 1069 873 eo
1082 825 1231 901 tempore
1240 834 1312 906 quo
1322 807 1482 902 pundtum

159 905 289 996 hujusce
306 914 365 978 tia
373 905 497 1003 signare
507 911 673 993 volumus,
685 905 769 975 linea
777 909 910 1002 imagini
919 902 1003 972 Solis
1014 905 1485 996 apparenticircumscribendo

156 1001 370 1101 ell,quacum
381 1003 419 1074 stt
430 1003 534 1105 figura
544 1000 610 1074 sert
620 1005 771 1098 Elliptica
781 1025 819 1071 ex
828 1001 908 1094 pede
918 1000 1113 1069 Gnomonis
1125 1022 1421 1096 tanquamcentro,
1433 1029 1485 1084 at-

152 1121 204 1169 tus
220 1102 338 1172 circuli
348 1097 724 1172 describendusestintra
735 1104 909 1196 imaginem
919 1091 1185 1190 comprehensus,
1193 1098 1392 1170 uthabeatut
1404 1110 1486 1174 ima.

148 1201 229 1295 ginis
250 1197 410 1270 diameter
422 1224 494 1296 quae
514 1205 549 1269 in
567 1197 653 1267 resia
671 1219 728 1292 prr
745 1197 861 1290 pedem
879 1193 1074 1264 Gnomonis
1088 1195 1485 1276 &mediomarcumduc-

147 1312 198 1382 ta,
215 1293 323 1388 posita
340 1292 398 1367 ell.
408 1293 549 1366 Constat
562 1315 673 1363 autem
690 1292 785 1390 qubd
803 1289 826 1361 st
844 1315 881 1360 ex
895 1313 1039 1388 utroque
1050 1313 1198 1362 extremo
1210 1299 1352 1368 inventae
1364 1294 1488 1366 diame·
1558 1339 1562 1344 ·

147 1395 207 1477 tri,
234 1397 351 1486 portio
369 1390 538 1464 auferatur
558 1391 690 1487 aqualis
711 1387 954 1460 semidiametro
976 1391 1113 1461 rotundi
1134 1382 1329 1474 foraminis;
1353 1401 1386 1464 δι
1411 1391 1489 1464 refi·
1547 1455 1550 1462 .

144 1484 246 1557 duum
262 1487 361 1581 hujus
372 1490 522 1560 diametri
531 1487 624 1585 quod
634 1492 769 1558 eritaris
779 1490 929 1578 imaginis
939 1487 1116 1579 Ellipricae,
1129 1483 1151 1554 st
1164 1483 1312 1560 foramen
1325 1485 1401 1560 esset
1412 1496 1488 1562 uni·

144 1604 217 1653 tum
234 1585 418 1679 punitum,
436 1585 647 1658 dividaturiu
658 1591 786 1655 ratione
805 1583 969 1654 radiorum
981 1581 1023 1652 ab
1039 1590 1192 1680 extremis
1201 1592 1267 1656 axis
1277 1586 1316 1656 ad
1333 1610 1487 1660 centrum

143 1677 339 1760 foraminis,
357 1681 461 1780 posti
471 1705 561 1780 parte
572 1687 692 1753 minori
701 1680 811 1752 versus
825 1681 941 1778 pedem
950 1681 1165 1770 Gnomonis‚
1182 1683 1489 1777 punsiumdivisro·

144 1783 191 1848 nis
213 1783 279 1849 erit
297 1802 374 1851 vera
391 1786 496 1851 centri
514 1781 597 1850 Sulis
615 1786 737 1877 imago,
1337 1823 1356 1836 ··

189 1876 394 1949 Notandum
415 1876 509 1976 qubd
527 1883 562 1947 in
572 1873 719 1947 Solslitio
737 1875 796 1944 ubi
806 1874 863 1944 Sol
880 1877 1020 1944 vicinior
1037 1869 1082 1944 esl
1091 1872 1280 1956 horizonti,
1294 1876 1435 1952 circulus
1450 1903 1491 1952 er

142 1973 227 2070 pede
241 1974 436 2045 Gnomonis
448 1969 630 2070 descriptus
642 1973 684 2045 ad
698 1973 837 2070 angulos
847 1971 955 2042 minias
965 1991 1082 2042 acutos
1092 1977 1151 2044 viat
1160 1982 1263 2046 centri
1274 1978 1357 2048 Solis
1376 2000 1491 2054 occur-

144 2093 215 2160 ret,
238 2073 341 2169 quim
357 2075 392 2141 in
410 2070 515 2142 altero
527 2067 694 2144 Solstitio‚
714 2091 754 2138 ex
766 2091 837 2166 quo
853 2067 984 2139 dabitur
995 2077 1178 2140 accuratior
1195 2073 1355 2144 linearum
1372 2097 1493 2147 oecur-

143 2165 221 2254 sus,
247 2191 285 2238 ac
307 2167 450 2265 proinde
474 2169 566 2240 linear
584 2167 768 2237 meridianae
792 2172 913 2237 certior
933 2163 1079 2261 posti03
1104 2164 1164 2237 nist
1181 2163 1268 2240 sortd
1277 2171 1360 2240 Solis
1379 2177 1498 2271 imago

144 2261 314 2337 fluentas
332 2265 530 2340 &tremula
553 2284 692 2364 propter
708 2264 895 2335 horizontis
919 2268 1096 2352 viciniam,
1121 2264 1221 2336 dubia
1236 2271 1335 2338 nimis
1359 2264 1435 2341 ellet
1453 2295 1491 2343 ac

147 2365 283 2435 ineerta.

194 2459 363 2534 Secundi).
381 2463 414 2532 Si
432 2485 470 2534 ex
482 2459 665 2559 horologio
682 2462 857 2531 Seiaterico
871 2456 1020 2528 accurate
1037 2451 1198 2552 descripto
1216 2479 1423 2532 momentum
1433 2461 1493 2532 ha-

143 2554 262 2628 beatur
276 2581 346 2656 quo
361 2559 444 2630 Solis
458 2579 610 2629 centrum
630 2557 797 2628 meridiem
812 2553 1009 2654 assequitur,
1029 2577 1071 2624 eo
1089 2560 1249 2649 temporis
1271 2556 1397 2653 punblo
1406 2561 1493 2632 Solis

144 2677 306 2750 apparens
319 2663 451 2754 imago,
468 2656 520 2727 vel
529 2661 743 2749 ejustaatum
753 2653 899 2726 latitudo
919 2649 1065 2746 respedlu
1075 2649 1164 2745 pedis
1174 2652 1369 2724 Gnomonis
1381 2663 1417 2728 in
1434 2681 1493 2754 pa·

142 2757 299 2823 vimento
322 2772 480 2840 notetur,
499 2750 649 2822 transibit
665 2753 752 2822 linea
771 2749 950 2822 meridiana
967 2770 1025 2844 per
1041 2744 1368 2848 pedem‘Gnomonis
1384 2760 1418 2826 δι
1434 2775 1495 2850 pet

142 2846 293 2918 medium
305 2848 489 2919 latitudinis
500 2853 651 2950 imaginis
662 2843 836 2943 punstum.

194 2945 330 3018 Tertiis.
340 2943 402 3017 Sed
412 2947 511 3044 longi
520 2950 705 3018 accuratior
723 2951 784 3015 etit
799 2947 952 3041 operatio
962 2941 985 3013 st
995 2939 1238 3036 thradrante
1251 2941 1492 3022 Astronomico

141 3040 365 3138 Telescopieis
390 3037 771 3138 pinnacidiisinstrusio,
798 3065 837 3112 ex
851 3045 1021 3112 matutinis
1038 3047 1070 3113 bt
1088 3037 1496 3140 vespertinisobservatio·

143 3139 246 3210 nibus
263 3137 541 3236 respondentibus
559 3161 635 3210 cum
654 3138 765 3210 debiti
781 3137 996 3209 corredione
1012 3156 1103 3208 ertra
1120 3133 1281 3226 Solstitia,
1302 3145 1337 3220 in
1354 3143 1495 3218 horolo-

141 3243 200 3335 gio
218 3233 435 3308 Osrillatorio
454 3237 602 3308 meridies
621 3241 823 3334 inquiratur,
842 3258 879 3304 ut
897 3235 1000 3330 sopri
1016 3233 1209 3322 docuimus,
1235 3259 1343 3332 eoque
1360 3260 1494 3336 tempo-

141 3355 176 3402 re
194 3353 336 3406 notetur
353 3333 515 3428 pttnsium
537 3332 721 3404 meridiana
745 3333 837 3400 lineat
862 3353 900 3400 ut
922 3333 956 3400 su
982 3331 1025 3401 ra.
1052 3336 1223 3426 Quoniam
1246 3335 1327 3404 verb
1348 3332 1414 3431 ipsa
1441 3338 1494 3412 die

143 3429 386 3504 observationis
406 3455 521 3502 vetum
535 3450 666 3524 tempus
685 3427 830 3499 meridiei
840 3451 911 3498 non
923 3357 982 3500 nili
991 3423 1064 3523 poll
1074 3428 1242 3500 meridiem
1252 3429 1493 3530 cognoscetur,

146 3526 370 3600 dubitandum
396 3531 460 3597 erit
485 3553 525 3598 an
542 3526 689 3622 sequenti
715 3525 768 3597 die
791 3522 962 3595 meridiem
985 3525 1134 3596 accurate*
1154 3523 1289 3597 delinire
1314 3528 1495 3623 possimus.-

143 3625 365 3722 quamobrem
383 3629 465 3695 circa
483 3625 652 3696 meridiem
678 3629 766 3694 inter
788 3617 977 3694 observatas
996 3620 1184 3694 altitudines
1205 3618 1337 3722 singulis
1358 3632 1496 3700 minutis

143 3727 258 3818 primis
275 3719 373 3793 secun
384 3719 462 3792 dtlm
474 3721 690 3820 horologium
700 3727 901 3808 numeratis,
922 3718 1015 3788 locus
1033 3725 1136 3790 centri
1145 3719 1230 3790 Solis
1247 3725 1281 3794 in
1300 3726 1494 3818 pavimento

146 3839 307 3906 notetur,
331 3839 369 3890 ut
379 3818 493 3889 exinde
512 3825 651 3910 cognito
669 3816 839 3912 horologii
853 3839 1005 3909 tempore
1017 3840 1087 3913 quo
1098 3816 1155 3886 Sol
1172 3824 1208 3888 in
1221 3820 1402 3890 meridiano
1420 3845 1497 3893 ver·

147 3911 235 3990 fitur
252 3913 319 4007 est,
343 3911 437 3986 locus
448 3919 551 3986 centri
563 3916 645 3986 Solis
661 3937 719 4008 per
737 3935 862 4009 partem
872 3918 997 3983 itineris
1014 3917 1086 4008 ejus
1098 3913 1385 4010 proportionalem
1404 3917 1497 3992 obti-

148 4019 309 4086 neaturin
320 4012 473 4089 meridie,
493 4034 611 4108 raquo
625 4033 712 4082 certa
722 4019 784 4082 erit
794 4007 887 4084 linea
895 4009 1079 4084 meridiana
1091 4011 1225 4106 pofitio.

200 4105 379 4182 Possumus
399 4116 500 4180 etiam
517 4106 682 4180 facilitatis
699 4103 824 4208 gratias,
856 4113 891 4178 in
922 4109 1006 4180 linea
1032 4107 1191 4183 meridian
1216 4127 1326 4203 partes
1355 4111 1497 4208 aquales

146 4208 299 4308 partibus
308 4205 491 4280 altitudinis
504 4205 699 4278 Gnomouis
709 4203 832 4302 fignare
852 4227 929 4277 cum
938 4204 1078 4304 ipsarum
1088 4227 1259 4295 numero,
1282 4207 1401 4282 initiol
1412 4213 1496 4309 pede

156 4307 355 4380 Gnomonis
375 4297 520 4400 sumpto.
1172 4365 1175 4374 .

195 4403 395 4474 Gnomonis
413 4397 661 4498 ususquatenlrs
670 4389 791 4494 spedlat
801 4400 995 4474 meridianas
1004 4401 1089 4473 Solis
1099 4397 1375 4482 observationes,
1396 4397 1498 4480 facilis

149 4497 280 4571 estsnbi
297 4504 386 4572 enim
403 4503 437 4569 in
456 4497 588 4568 meridie
598 4495 655 4566 Sol
671 4491 855 4584 illucescet,
877 4500 988 4592 &ejus
1007 4504 1158 4598 imaginis
1175 4498 1339 4570 diameter
1357 4507 1391 4572 in
1410 4505 1496 4577 linea

151 4593 541 4682 meridianavetsabitur,
554 4587 680 4664 summai
689 4592 859 4690 diligentis
872 4593 1023 4667 ‹hametri
1033 4592 1180 4670 notanda
1190 4592 1267 4668 sunt
1275 4619 1421 4670 extrema
1432 4657 1443 4688 ,
1455 4625 1493 4672 ac

148 4693 306 4770 methodo
317 4689 477 4794 superiori
495 4691 659 4792 punslum
674 4713 789 4767 centro
809 4693 890 4768 Solis
900 4695 1098 4795 respondens
1115 4694 1355 4811 inquirendum·
1377 4697 1496 4790 erit,ai

1285 4815 1355 4887 nup
