4150 5654
527 259 652 418 Ustas
684 255 1004 376 fibularum.
1451 283 1476 383 i
1484 291 1513 408 5

162 437 284 515 metri,
299 433 325 510 si
340 435 431 533 ptli'is
440 432 617 508 divisiones
626 435 748 535 quibus
759 459 972 535 apponuntur
981 432 1036 506 sila
1045 427 1144 508 serica
1155 423 1303 507 itast&
1311 375 1437 513 sicsine
1447 489 1460 528 ,
1472 459 1516 516 iit

163 531 217 608 sex
232 533 369 607 filorum
386 534 558 606 intervalla
574 535 771 606 diametrum
784 531 868 604 Solis
885 555 943 605 aot
966 538 1067 607 Luna
1087 531 1370 632 comprehendant
1385 561 1394 605 i
1408 533 1516 609 Filum

161 637 250 704 enim
272 633 398 704 mobile
417 638 453 702 in
467 632 571 702 media
585 629 735 702 distincti
752 641 839 703 inter
858 630 912 702 fila
930 632 1114 706 immobilia
1131 628 1297 728 positum,
1321 633 1418 730 quod
1438 631 1517 706 nul·

163 732 228 800 lius
241 729 286 800 est
296 735 445 828 negotii,
457 725 602 826 singulos
618 729 742 826 digitos
760 727 883 824 ecllpfis
901 727 1078 808 indicabit3
1096 728 1231 801 &idem
1242 735 1447 801 mictometri
1464 752 1517 814 te·,
1623 717 1627 724 ⁴
1651 783 1656 800 .

10 880 14 897 .
163 825 339 923 lescopium
355 827 488 922 reliquis
499 825 788 896 observationibus
799 835 830 900 tt
841 824 999 896 mensuris
1012 821 1344 922 eclipsiuminseriire
1362 834 1513 923 poterit,

163 945 200 994 iit
210 929 265 1001 ‚in
274 921 446 1020 eclipsibus
456 927 578 1010 Luuae,
592 919 885 996 observationibus
898 924 1021 994 umbrae
1032 919 1209 1011 terrestris,
1225 944 1298 1018 qus:
1310 925 1453 996 maculas
1463 921 1513 998 sa·

15 1046 21 1069 ·
163 1020 406 1120 colasquetegit
418 1043 455 1090 ac
465 1016 591 1092 deserit.
600 1019 713 1092 Restat
738 1041 850 1090 tamen
860 1043 931 1090 non
942 1018 1188 1092 contemnenda
1197 1014 1373 1092 difficultas
1391 1043 1430 1094 ut
1440 1047 1506 1122 pro

162 1115 296 1218 lingulis
312 1114 485 1213 eclipsibus
502 1116 931 1190 novedlvisiomicrometr‘i
948 1115 1148 1188 instituenda
1162 1114 1219 1195 fit,
1244 1118 1510 1218 quodcunquam

160 1217 337 1287 reticulum
353 1217 488 1312 vulgare
505 1214 794 1287 observationibus
811 1211 965 1286 inserviat
980 1242 990 1298 3
1016 1221 1071 1285 vix
1092 1221 1180 1285 enlin
1199 1219 1301 1286 unius
1320 1211 1424 1288 saeculi
1440 1216 1515 1313 spa·
1617 1279 1620 1286 .

162 1319 210 1402 iio
232 1313 314 1404 duas
332 1315 463 1412 eclipses
480 1317 515 1382 iii
533 1312 654 1412 quibus
672 1314 784 1384 eadem
806 1309 845 1382 sic
867 1336 1025 1408 apparens
1046 1313 1129 1382 Solis
1143 1315 1311 1385 autluuae
1329 1311 1510 1404 diameter3

160 1417 304 1508 reperire
317 1419 455 1508 poterit.
479 1407 1092 1502 Qamobremrelidlomicrometri&
1105 1411 1234 1480 reticuli
1253 1417 1440 1482 eommunis
1449 1410 1511 1486 usu

162 1532 292 1578 novum
311 1509 439 1579 reticuli
479 1532 559 1578 enus
575 1513 762 1610 excogitavi
772 1563 783 1596 ,
809 1505 999 1606 quodcum
1016 1513 1223 1578 micrometti
1241 1509 1423 1581 &reticuli
1443 1516 1510 1580 uti·

160 1608 270 1678 litotes
287 1629 404 1677 omnes
422 1531 577 1693 bosseret,
596 1605 753 1676 omnibus
769 1601 960 1700 eclipsibus,
978 1603 1044 1675 hoc
1062 1601 1107 1675 est
1127 1603 1285 1677 omuibus
1302 1604 1509 1680 solitutu-

162 1729 209 1775 nae
227 1703 523 1774 diametrisseivire
537 1697 661 1797 posset,
687 1703 782 1796 cujus
801 1700 975 1772 divisiones
994 1701 1046 1772 seu
1064 1699 1118 1772 fila
1135 1709 1183 1773 ita
1201 1703 1274 1774 sunt
1291 1700 1384 1773 firma
1402 1709 1435 1778 δι
1454 1699 1519 1774 so·
1593 1743 1608 1758 ·2

160 1801 222 1874 lida
239 1800 544 1887 utinutaiionibus,
555 1795 848 1896 inconstantiisque
857 1799 938 1868 a'eiis
952 1819 1021 1870 nori
1030 1794 1094 1868 sint
1102 1798 1253 1871 obnoxia
1262 1851 1274 1890 ,
1287 1800 1363 1872 licet
1372 1801 1510 1875 candem

161 1905 358 1972 tenuitatem
369 1921 406 1966 ac
421 1893 477 1981 fila
486 1894 584 1966 serica
594 1896 781 1968 obtineant.
1349 1915 1351 1918 ·
1474 1917 1477 1926 ’

208 1994 327 2069 Nostri
351 1996 432 2065 vero
458 1993 583 2064 reticuli
601 1995 675 2065 talis
700 1991 746 2065 ell
770 1981 975 2064 constructio
1000 1993 1037 2060 &
1060 1987 1145 2064 usus.
1167 1991 1281 2066 Primd
1302 1991 1401 2096 seligo
1425 1997 1509 2068 duat

160 2095 263 2168 lentes
276 2090 458 2185 objeslivas
471 2085 659 2186 telescopii‚
685 2085 895 2182 ejusdeinaut
919 2107 1036 2186 parum
1055 2088 1172 2162 diverfi
1190 2087 1284 2180 foci,
1306 2113 1389 2190 quas
1411 2093 1508 2166 simul

162 2195 355 2292 conjuug03
380 2187 543 2288 sitqueeii.
555 2185 689 2284 g.focus
702 2185 873 2260 ambitum
893 2183 1172 2284 simulllpedum,
1189 2187 1317 2290 quaeell
1327 2191 1507 2288 longitudo

162 2289 328 2384 telescopii
352 2286 524 2358 commodi
546 2285 586 2356 ad
607 2283 856 2356 observationes
881 2307 997 2356 omues
1015 2285 1201 2384 eclipsium,
1226 2283 1285 2358 nisi
1305 2283 1395 2360 sorte
1420 2297 1507 2362 eicis

162 2393 228 2486 piar
237 2391 371 2456 initium
390 2405 446 2456 aut
457 2381 556 2454 finem
576 2379 700 2479 eclipsis
716 2381 977 2485 Solisiuquibus
993 2383 1144 2455 accurris
1159 2383 1414 2458 determinandis
1429 2389 1506 2460 lou·

164 2483 314 2586 gioribus
326 2478 509 2578 telescopiis
519 2484 655 2552 utimur.
1493 2501 1499 2514 ·

208 2579 362 2652 Secundo
388 2585 423 2650 in
439 2578 560 2650 tabulis
577 2585 656 2650 meis
673 2583 846 2650 maximam
864 2577 966 2679 Lunae
987 2575 1184 2648 ditmettom
1201 2583 1236 2647 in
1256 2575 1433 2653 altitudine
1458 2601 1504 2668 90
1534 2639 1536 2646 .

160 2675 873 2872 sunsiumuuuu
887 2672 1506 2869 :itini{ciuiuus,u

160 2869 202 2944 fic
220 2873 239 2940 8
258 2871 356 2970 pedes
375 2869 429 2944 seu
445 2870 624 2972 longitudo
641 2865 708 2942 soci
725 2869 865 2939 lentium
881 2863 996 2958 simol,
1012 2869 1053 2940 ad
1071 2887 1181 2966 partes
1196 2867 1288 2965 pedis
1309 2893 1382 2968 quae
1398 2869 1507 2968 duplis

161 2989 240 3043 catae
254 2977 292 3042 iii
310 2962 389 3040 soco
407 2963 570 3064 telescopil
580 2962 739 3068 angulum
753 2969 815 3056 μ’.
829 2971 907 3042 16¹¹.
917 2966 1139 3040 continebunt
1151 2987 1277 3068 ratque
1294 2966 1348 3040 liic
1363 2989 1505 3069 quartur

159 3073 324 3140 terminiis
334 3065 520 3164 duplicatus
537 3067 766 3137 eritdiamcttt
782 3061 911 3140 reticuli
923 3070 986 3136 mei
997 3065 1175 3136 circularis.

207 3161 332 3238 Tertiis
346 3163 442 3260 supet
454 3170 576 3235 citrum
592 3162 728 3258 planum
744 3163 942 3257 pellucidum
955 3171 987 3236 lit
1003 3163 1207 3261 perpolitum
1215 3160 1396 3235 adamantis
1416 3159 1503 3238 frus·

160 3261 237 3336 tulo
255 3261 298 3332 ad
315 3261 455 3332 alterum
471 3265 582 3330 circini
599 3281 673 3328 crus
691 3279 806 3355 aptato
828 3267 977 3360 quinque
988 3259 1131 3332 circulos
1148 3265 1380 3332 coutentricos
1391 3267 1425 3336 δι
1450 3269 1503 3335 iii·

159 3381 212 3432 ter
230 3355 261 3430 se
271 3359 437 3456 equaliter
454 3356 578 3428 diil'itos
592 3353 709 3426 leviter
725 3351 895 3446 describo,
911 3378 1056 3455 quorum
1065 3362 1208 3428 extimus
1224 3352 1500 3430 semidiametrum

159 3455 295 3530 habete
321 3455 425 3526 ualem
436 3459 711 3554 quartoceimino
721 3447 865 3547 superius
886 3461 1094 3536 invenisne
1103 3453 1254 3550 praettied
1263 3451 1386 3524 horum
1395 3462 1502 3530 circu*

159 3557 271 3628 lotum
290 3481 372 3624 duas
385 3552 561 3624 diametros
572 3549 663 3620 'duco
673 3549 714 3620 ad
724 3547 863 3648 angulos
879 3551 988 3622 rectos
998 3545 1060 3621 sese
1069 3547 1379 3623 decessurumue
1396 3551 1501 3626 vitrea

158 3653 281 3726 lamina
299 3647 502 3748 sicpaiarain
514 3648 600 3718 tubo
610 3639 706 3743 sopri
718 3647 881 3746 descripto
896 3655 930 3722 lii
946 3655 980 3722 iu
990 3645 1070 3720 foco
1079 3641 1245 3746 telescopii
1257 3645 1362 3740 polita
1370 3657 1433 3721 erit
1448 3675 1502 3722 re·

159 3745 407 3822 uenlumvaidt
415 3745 632 3818 commodum
642 3742 683 3817 ad
692 3767 809 3818 omnes
818 3741 950 3843 eclipses
962 3741 1200 3818 Salustium
1208 3738 1450 3838 observandas,
1467 3757 1501 3822 δι

157 3847 438 3948 qualemcumque
455 3843 652 3916 diametrum
665 3839 750 3914 Solis
767 3864 824 3916 aut
833 3847 936 3916 Lunae
951 3863 1162 3940 apparentem
1170 3847 1205 3914 iii
1223 3841 1398 3916 duodecim
1415 3843 1501 3946 digi-

121 3973 125 3989 ·
158 3967 215 4020 tor
228 3940 458 4034 irridetque
471 3937 875 4012 autemrationehocficti
888 3939 1006 4038 pollis,
1027 3945 1151 4036 aperio.

208 4041 345 4115 Notum
362 4035 408 4111 ell
425 4063 464 4110 eit
477 4041 655 4136 Dioptrica
675 4059 792 4109 omnes
809 4039 918 4110 radios
936 4036 979 4108 ab
994 4035 1114 4130 objesti
1125 4039 1244 4106 remoti
1261 4035 1393 4132 putidis
1408 4061 1501 4110 ema·

156 4161 278 4216 ocutos
294 4135 369 4236 poll
381 4133 613 4208 refradlionem
631 4157 689 4230 per
706 4135 785 4206 duas
798 4135 903 4207 lentes
918 4156 1082 4204 convexas
1099 4152 1157 4204 aut
1174 4133 1499 4233 jonslasautparum

155 4235 299 4325 diffitas,
325 4241 360 4308 iri
378 4231 458 4306 foco
475 4238 646 4308 communi
661 4227 798 4303 lentium
817 4237 990 4332 imaginem
1009 4231 1203 4330 depingere,
1227 4231 1319 4328 cujus
1331 4242 1500 4336 magnitu-

158 4337 205 4410 do
222 4331 267 4406 τὸ
287 4335 490 4428 majorem,
515 4357 586 4432 quo
604 4325 735 4400 lentesal
752 4327 784 4401 se
801 4335 944 4404 invicem
961 4331 1064 4428 magis
1081 4326 1272 4418 distabunt,
1297 4337 1330 4404 bc
1347 4337 1499 4404 omnium

158 4439 333 4504 minimam
350 4453 422 4502 eam
442 4428 503 4502 esse
520 4455 593 4530 que
608 4425 678 4499 fital
697 4419 843 4500 lentibus
867 4420 1064 4516 conjunffis.
1081 4425 1311 4524 Qamobrem
1331 4425 1498 4532 sisingulae

158 4531 263 4602 lentes
280 4528 473 4622 objefflvae,
498 4529 802 4628 quibusutimurin
815 4526 878 4598 liac
893 4521 1160 4612 construetione,
1184 4529 1218 4594 in
1232 4521 1378 4624 singulos
1394 4527 1498 4598 tubos

157 4625 365 4720 mseiantur,
381 4649 529 4730 quoium
546 4625 732 4700 alteralteri
749 4625 994 4698 convenientiis
1011 4615 1084 4718 ipso
1092 4627 1220 4696 moveri
1237 4619 1403 4790 possit-g&
1415 4644 1499 4696 con·

1327 4743 1364 4816 ¹1
