4150 5654
237 430 830 486 temeraretur:
898 419 1537 468 attaatt'at''tat=a

287 471 830 511 ··.··=··t.·a·
899 468 1537 489 ··············

217 503 1557 995 innobilium

268 1085 721 1242 LECTORI
762 1083 1417 1242 nsuuopnrno.
1458 1096 1516 1250 s,

353 1357 571 1438 Abulatum
591 1353 1026 1436 Harum-ccl’raestantia
1045 1357 1083 1432 Β.
1096 1356 1139 1434 L.
1153 1358 1191 1433 &
1203 1361 1356 1438 Raritas
1371 1363 1432 1451 ,in
1448 1357 1561 1441 causti

352 1475 460 1552 suere
472 1497 540 1552 cur
552 1495 615 1548 eas
628 1472 790 1560 iterum,
810 1462 944 1570 quoad
959 1471 1137 1549 Planetaa
1157 1497 1318 1568 omnes,
1339 1476 1459 1554 Praelo
1477 1471 1562 1556 sub-

220 1595 401 1688 jicerem,
422 1607 540 1691 atque
560 1609 653 1665 cum
664 1580 759 1662 orbe
779 1583 969 1664 Litterato
993 1590 1563 1695 communicarem:0ptalsem

224 1709 309 1787 sane
321 1707 380 1784 hls
399 1697 607 1804 adjungere
627 1699 814 1803 Isagogen
833 1693 1070 1801 quamdam,
1093 1703 1459 1808 Annotationesquc
1480 1733 1586 1816 quac,

225 1817 276 1902 ad
288 1819 521 1902 Obscurioru
533 1821 624 1896 loca
634 1808 1089 1926 Tyronibusfacilitanda
1107 1818 1224 1895 anon
1237 1825 1366 1920 paucis
1377 1815 1566 1903 defideta·
1618 1831 1623 1836 '

226 1939 364 2018 bantur
383 1963 394 2020 ε
414 1959 572 2027 verum,
587 1931 746 2011 volente
765 1929 883 2019 Deo,
902 1926 1009 2006 brevi
1026 1930 1276 2018 haec'Luccm
1295 1939 1497 2042 aspicient,
1525 1943 1566 2018 in

227 2049 514 2144 introductione,
534 2053 576 2140 in
588 2041 665 2150 quai
676 2065 790 2124 mens
807 2059 892 2122 tota
903 2043 1094 2126 Authoris
1110 2050 1150 2126 in
1170 2042 1387 2146 condendis
1405 2052 1567 2156 sfabulis

227 2171 426 2272 aperietur.
454 2163 652 2245 Ptoeellus
669 2179 850 2265 practerea
870 2163 1009 2238 omnis
1037 2151 1190 2242 Calculi
1221 2167 1341 2245 totius
1355 2155 1567 2273 berlpseon
1649 2210 1653 2216 ·

227 2285 344 2394 (puta
354 2285 474 2366 Solis,
489 2283 616 2360 uunae
636 2330 651 2364 ,
670 2297 989 2376 tamtumque
1019 2278 1265 2384 Planeratum
1292 2305 1338 2362 ac
1362 2290 1482 2376 etjam
1502 2289 1567 2366 fl.

229 2419 362 2480 xarum
390 2423 473 2500 quae
510 2387 667 2496 ijLuni
688 2392 842 2494 poliunt
864 2389 995 2490 obtegi
1018 2389 1035 2499 )
1058 2392 1359 2488 enucleantur,
1393 2402 1568 2502 plurimis

230 2503 413 2617 exemplis
432 2507 674 2592 illusteabitut
691 2562 703 2598 ‚
719 2513 767 2590 2&
790 2497 841 2584 ed
871 2499 1095 2588 nitidiorem
1112 2510 1236 2620 :longe
1254 2504 1463 2608 reducetur
1493 2519 1570 2596 fot·

230 2654 350 2710 mam.
369 2623 915 2732 sitta-alsmpsaesenriarum,
940 2621 1181 2726 Astrophllos
1198 2651 1365 2704 monete
1388 2633 1485 2728 nihil
1506 2629 1571 2712 hic

231 2740 413 2849 aprillini
434 2741 562 2822 forma
583 2760 649 2820 aut
669 2740 844 2845 numetis
862 2729 1095 2837 discrepare,
1119 2737 1295 2842 excepti,
1313 2743 1466 2824 Tabula
1489 2753 1571 2825 263,

233 2858 453 2970 (Inclinatio
479 2851 615 2940 orbita·
632 2865 738 2933 Lm
759 2875 838 2928 cum
858 2849 987 2928 cirtulo
1007 2852 1237 2932 Latitudinis
1255 2910 1269 2943 ,
1285 2851 1365 2944 &a
1372 2865 1393 2958 )
1413 2885 1496 2961 quae
1518 2861 1570 2940 ob

234 2995 337 3054 cena
353 2971 621 3054 verlitsbnem
644 2969 887 3074 sphalmata,
911 2989 1094 3050 reuocata
1114 2975 1258 3048 iterum
1278 2967 1328 3054 ad
1350 2978 1569 3066 calculum,

235 3091 421 3190 auctaque
441 3081 719 3180 luitcolumni
738 3081 827 3162 uni.

291 3197 414 3306 Quod
430 3225 566 3282 uutem
580 3201 725 3306 spectat
742 3198 936 3278 Tabulam
961 3223 1021 3290 17.
1036 3199 1248 3309 (Corneliio
1259 3213 1363 3282 Luna
1382 3201 1427 3298 όν
1448 3205 1573 3316 Nudi)

236 3349 318 3426 quae
330 3321 454 3398 statim
474 3318 559 3419 post
568 3311 895 3395 Editionemanni
913 3339 1042 3404 1702,
1064 3315 1112 3392 ab
1132 3317 1214 3416 ipso
1225 3321 1425 3414 Authore‚
1451 3325 1574 3424 longe

233 3433 385 3522 ‚diversa
406 3493 417 3524 ,
438 3457 635 3534 manuque
656 3449 836 3518 exarata,
855 3426 1099 3516 Astronomis
1123 3424 1318 3512 distributa
1340 3437 1446 3525 fuit,
1469 3443 1575 3534 cujus

240 3557 355 3630 etiam
379 3542 601 3626 diversitatis
636 3544 748 3626 causa
778 3547 818 3620 in
842 3541 1146 3624 Commentariis
1166 3549 1299 3649 Regiae
1317 3551 1577 3632 scientiarum

241 3658 463 3746 Academia
479 3687 568 3740 ann.
590 3679 707 3750 1708.
722 3683 808 3766 pag.
824 3681 900 3751 405
912 3717 920 3736 .
932 3660 970 3736 ὁ(
986 3657 1036 3758 sq.
1048 3653 1216 3739 indicata
1229 3662 1301 3742 fuit
1313 3723 1322 3754 ,
1333 3689 1422 3742 eam
1434 3671 1586 3754 immur

241 3804 321 3861 tare
332 3801 463 3858 tamen
477 3770 658 3855 nondum
677 3778 873 3854 voluimus
892 3768 1063 3875 eoquod
1076 3775 1201 3855 ansam
1216 3780 1476 3860 CorreClionis
1492 3809 1575 3860 non

242 3917 391 3976 certam
420 3891 547 3986 satis,
593 3891 821 3970 Astronomi
849 3893 960 3990 periti
991 3885 1216 3984 judicarent.
1254 3895 1414 3974 Interim
1446 3903 1480 3974 ei
1508 3901 1576 3999 qui

243 4011 448 4093 voluerit,
484 4009 701 4084 Hiraeanam
740 4025 920 4081 mentem
948 4007 1086 4106 allequi
1113 4001 1332 4088 notandum
1374 4013 1425 4088 est
1474 4012 1577 4090 hanc

244 4123 527 4205 correctionem
547 4126 586 4198 in
598 4115 799 4221 Eelipsrbus
810 4119 927 4194 Lunae
939 4112 1200 4198 adhibendam
1210 4122 1336 4200 solum
1357 4119 1577 4226 modoelse,

246 4242 411 4318 minime
435 4239 584 4314 veroin
609 4230 812 4337 Eclipsrbus
833 4233 1078 4335 Solisquibus
1098 4235 1249 4340 semper
1259 4236 1407 4318 Tabula
1426 4269 1488 4334 17.
1505 4247 1577 4326 hu.

244 4347 702 4452 jusvoluminisinservit.

302 4459 368 4546 Ad
392 4469 538 4554 calcem
560 4489 678 4567 porro
699 4460 936 4542 Tabularum
969 4455 1102 4538 addidi
1121 4462 1312 4544 Tabulam
1338 4477 1578 4580 AEquationis

248 4577 495 4668 altitudinum
516 4597 710 4660 utvotant
730 4573 1099 4686 Rtfftondentiumpro
1118 4575 1313 4660 latitudine
1331 4579 1581 4694 obserentem¹

1407 4715 1420 4762 1
