4150 5654
534 311 656 468 Usus
691 302 1005 424 Tabularum.
1360 255 1365 264 Ι
1440 337 1503 448 87

174 520 179 532 ’
210 539 260 614 Ur
271 534 621 643 summtlongitudinis
629 537 787 612 focorum
796 539 935 612 lentium
944 594 957 631 ,
975 535 1041 610 stre
1052 529 1194 632 ejusdem
1205 527 1269 608 slve
1286 534 1402 610 diverfi
1415 537 1502 620 foci.¹

161 637 529 712 minusdistontiainrer
539 640 668 726 lentes,

172 733 265 806 'Ad
274 731 342 808 foci
354 736 596 836 longitudinem
608 738 780 809 exteroiris
792 734 889 805 lentis
902 738 1011 804 minus
1020 725 1172 802 distantia
1181 737 1267 804 inter
1279 728 1382 804 lenter
1390 759 1403 817 ς
1478 791 1483 796 .

209 833 260 901 Itu
269 834 358 907 idem
368 839 529 906 terminus

210 927 266 998 Ad
278 951 455 1028 quartum,
470 935 611 1028 quicum
622 927 749 1000 ablatus
756 923 883 1000 fueriti
898 925 956 996 lon
981 923 1108 996 'tudine
1120 923 1188 998 foci
1205 922 1301 996 lentis
1312 929 1502 1018 exterioris,'
1548 1005 1549 1010 ,

163 1020 295 1096 reiirbit
305 1023 579 1100 distantiailente
589 1033 743 1098 exteriori
752 1024 793 1097 td
802 1024 941 1094 lentium
964 1046 1063 1094 ocum
1073 1045 1307 1112 communem,
1324 1020 1378 1096 leu
1387 1027 1500 1098 locum

160 1121 303 1198 reticuli.

217 1216 453 1320 Cognoscetur
468 1224 568 1292 eriam
588 1216 701 1290 eidem
721 1211 882 1288 methodo
904 1221 1089 1288 communis
1106 1210 1175 1286 foci
1193 1216 1335 1288 lentium
1351 1215 1505 1314 pofieur‚·

161 1307 542 1412 iifirerineconjundiae‚
567 1317 755 1411 quippequi
773 1312 885 1385 iisdem
902 1317 1049 1384 terminis
1067 1314 1183 1412 regulae
1201 1308 1394 1408 superioris,
1412 1315 1503 1388 nulli

161 1403 318 1486 distantiae
335 1420 423 1487 inter
438 1416 544 1486 lentes
560 1407 674 1482 habiti
690 1418 839 1486 ratione,
855 1415 1043 1504 reperietur.
1064 1407 1262 1481 Notandum
1276 1431 1389 1482 tamen
1406 1410 1502 1510 quod

161 1515 200 1576 rie
219 1517 405 1583 accuratior
424 1509 657 1586 fiatcalculus,
674 1508 766 1580 locus
782 1508 924 1579 lentium
932 1512 967 1577 in
985 1504 1093 1577 media
1110 1511 1188 1578 vitri
1204 1499 1503 1582 craffiueeritusu·

163 1605 314 1680 mentius.
1602 1615 1603 1618 ’

208 1702 437 1796 Quamobrem
446 1727 484 1774 ex
493 1702 553 1773 hac
562 1727 595 1776 re
617 1701 778 1774 ulrvariis
788 1702 931 1772 acvariis
963 1693 1053 1770 olitis
1063 1697 1220 1772 distantiis
1230 1702 1427 1775 interientes
1437 1701 1503 1778 ob·

162 1797 313 1890 icilius,
332 1823 443 1872 ertum
464 1795 531 1871 fori
550 1727 691 1873 abdunt
708 1797 887 1897 longitudo
903 1723 1100 1890 hairebitur,
1119 1793 1186 1869 hoe
1201 1796 1247 1872 est
1262 1801 1356 1872 locus
1375 1798 1503 1874 reticuli

165 1887 945 1996 fingulirdistantiisrespondenr.Jamverdfiat.

213 1995 264 2066 Ut
274 1992 453 2093 longitudo
468 1987 533 2064 foci
543 1997 670 2094 cogniti

208 2088 266 2162 Ad
279 2089 556 2162 semidiametrum
566 2089 699 2182 circuli,
713 2083 960 2188 qualiscumque
969 2083 1026 2162 su.
1046 2107 1054 2122 ·

207 2189 259 2258 Ite
275 2187 402 2260 Radius

208 2283 263 2356 Ad
272 2285 480 2385 Tangentem
490 2284 602 2385 anguli
611 2279 853 2356 semidiametro
863 2281 992 2354 reticuli
1004 2285 1245 2358 convenientis.

165 2380 444 2550 fifiEidetnttirun
453 2381 617 2456 methodo
625 2381 757 2458 reticuli
765 2381 1057 2455 exterioriscirculi
1066 2379 1502 2483 magnitudoobunebnur‚

224 2499 258 2549 at
1058 2505 1061 2512 ⁴

209 2575 259 2651 Ue
272 2575 401 2650 Radius

208 2675 266 2746 Ad
276 2677 486 2775 Tangentem
497 2671 608 2778 anguli
626 2677 695 2764 ιγ’.
707 2671 757 2769 3⁰.

206 2771 446 2872 Ieriongieudo
458 2767 524 2844 foci
535 2763 1238 2868 lentiumconjundierurnsuperiitsinventa

206 2865 442 2967 Adquaesrtant
452 2871 564 2942 circuli
575 2871 774 2943 maximivel
784 2864 1248 2944 exteriorissemidiamerrurn.

177 3055 179 3062 Ι
206 2963 363 3067 Cognito
380 2972 481 3070 igitur
490 2991 632 3040 numero
652 2965 1133 3042 minutorumutsecundorum
1152 2963 1404 3066 quaeinrnt⁰ore
1420 2967 1502 3041 retl-

159 3059 226 3134 culi
238 3065 362 3135 circulo
374 3087 437 3161 pro
450 3072 547 3136 variis
563 3067 703 3140 lentium
720 3067 899 3138 intervallis
909 3062 1258 3162 comprehenduntur,
1274 3087 1310 3137 er
1324 2994 1419 3162 iuper
1437 3062 1503 3138 stu-¹

157 3157 256 3262 gulos
265 3160 368 3232 tuboe
377 3182 445 3232 tarn
460 3161 599 3249 lentium
609 3163 709 3262 quim
723 3163 848 3234 reticuli
866 3160 1048 3235 scribantur·
1061 3187 1071 3244 3
1090 3185 1127 3232 ac
1136 3161 1288 3258 preteeti
1297 3159 1454 3234 distentio
1466 3169 1502 3236 iu

158 3279 335 3329 numerum
355 3251 575 3330 secundorum
588 3266 675 3332 inter
688 3267 850 3331 terminos
867 3265 1025 3332 inventos
1037 3257 1272 3346 deficientem,
1290 3259 1503 3350 dividentur,

158 3374 198 3426 ut
216 3351 312 3450 sopri
321 3353 464 3428 diximus
477 3361 510 3426 in
520 3362 627 3452 prime
636 3356 795 3427 methodo
807 3383 817 3424 t
827 3351 1044 3452 quamobrem
1053 3355 1232 3524 propositis
1240 3356 1323 3426 Solis
1335 3376 1391 3427 tur
1399 3359 1503 3429 Lunae

158 3451 347 3542 diametrus,
365 3449 453 3522 illici>
466 3453 604 3525 lentium
613 3450 794 3551 positiones
807 3475 939 3526 necnon
947 3458 1052 3526 reticu
1067 3450 1211 3526 ‘easdem
1220 3449 1400 3525 diametros
1417 3474 1502 3526 con·

161 3551 304 3622 tinentis
313 3548 530 3646 apparebunt.

190 3647 588 3718 Sedlieoncentricotum
598 3647 797 3719 circulorum
806 3641 901 3744 super
917 3647 1230 3720 vitrumdelineatio
1240 3645 1408 3720 nonnullis
1418 3667 1502 3745 ope-

158 3740 267 3818 rufior
284 3736 450 3820 difficilior
473 3768 516 3816 ue
526 3746 677 3816 videatur
686 3799 698 3833 ,
713 3766 753 3818 ut
770 3746 919 3818 returned
927 3743 1041 3842 perfici
1055 3741 1170 3842 polire,
1186 3765 1327 3844 agantur
1344 3745 1501 3818 tredecim

157 3839 253 3916 lineae
261 3839 355 3913 κᾶε
363 3769 489 3914 inrerie
498 3843 697 3938 parallelae&
706 3848 740 3913 in
753 3840 910 3914 distantiis
920 3832 1202 3942 equalibussuper
1212 3849 1335 3914 vitrum
1346 3843 1503 3914 adaman·

156 3945 202 4010 eis
218 3962 286 4036 ope
300 3959 457 4016 extruere,
478 3963 554 4010 eum
568 3941 628 4010 alia
643 3938 730 4012 redit
748 3937 823 4036 ipsu
843 3937 1123 4036 perpendiculari,
1140 3937 1178 4010 ed
1194 3960 1306 4012 autem
1316 3946 1446 4012 ratione
1464 3963 1504 4013 ur

156 4036 434 4134 perpendicularis
453 4037 536 4108 liner
549 4043 636 4107 inter
644 4056 802 4110 extremar
810 4033 975 4134 parallelas
990 4034 1028 4109 stt
1038 4037 1168 4134 aequriit
1178 4041 1320 4108 inventu
1338 4037 1502 4110 diametro

155 4135 272 4206 circuli
284 4139 416 4204 maximi
426 4135 553 4206 reticuli
566 4187 576 4220 ,
590 4153 627 4205 ut
638 4130 732 4229 sopri
742 4134 1020 4208 dodonusfrale
1030 4134 1204 4206 reticulum
1213 4133 1342 4234 vulgari
1358 4134 1502 4236 quodfi-

156 4227 197 4302 lit
207 4226 315 4304 sericis
327 4229 455 4302 constat
469 4277 479 4309 ,
499 4227 652 4303 substitui
666 4238 802 4327 poterit.

205 4327 338 4402 Eodem
355 4333 443 4399 vitro
461 4332 497 4398 in
514 4351 585 4427 quo
604 4328 695 4400 lineae
711 4327 892 4403 tcutillimo
914 4327 998 4426 stylo
1014 4328 1227 4404 adamantino
1245 4323 1365 4404 eodem
1382 4331 1502 4406 ordine

158 4449 196 4500 ac
210 4423 376 4500 filrserire
394 4419 711 4522 del'cripeaeioerine‚
728 4421 793 4497 five
809 4433 1086 4504 inmicrometro,
1106 4424 1215 4498 l‘rveln
1226 4427 1372 4523 Dioprre
1389 4432 1504 4503 ocula·

158 4529 186 4596 ri
205 4523 396 4622 quadrantis
406 4519 617 4594 astronomici
625 4545 683 4594 rut
692 4522 840 4612 Liberae,
858 4533 908 4598 uti
926 4515 1362 4621 poterimusrfirmoeaenim
1379 4527 1501 4602 lamina

160 4627 264 4692 vitrea
294 4617 500 4692 hortatione
517 4639 629 4718 parata
655 4626 689 4691 in
714 4629 853 4718 proprio
882 4621 1034 4722 quadro,
1060 4645 1096 4692 er
1112 4616 1224 4692 iisdem
1251 4621 1362 4694 uibus
1384 4643 1419 4692 ac
1445 4625 1501 4698 fila

163 4713 259 4796 sulca
274 4716 441 4796 inserviet.
456 4717 502 4794 Ee
520 4715 628 4794 nescio
647 4717 880 4822 anquidqurm
898 4715 1010 4794 utilius
1022 4725 1057 4792 in
1075 4715 1376 4796 totuAstronontit
1394 4721 1502 4796 activa
