4150 5654
587 313 647 408 88
764 383 767 390 .
924 249 1146 434 ''Ufias
1180 267 1498 387 fibularum.

585 451 744 526 haetenus
763 457 939 524 inventum
960 443 1082 532 fuerit,
1103 469 1178 518 cum
1197 447 1277 516 tales
1297 447 1453 542 Dioptrae
1469 439 1579 544 neque
1594 437 1914 522 aieirinconlirntilm

579 551 689 649 n'eque
710 546 837 621 inseetis·
846 545 1081 634 erodentibus,
1101 566 1208 646 neque
1223 541 1606 622 motibusinilrumenti,
1622 543 1744 642 quibus
1760 543 1914 644 saepilltmd

582 641 785 732 autfilafran
810 666 914 716 untur
924 664 980 715 aut
991 637 1130 716 ddeblti
1139 638 1306 740 pohrione
1315 645 1549 732 dimoventur,
1562 641 1717 713 obnoxiae
1726 637 1808 731 smt,
1825 643 1916 743 quod

581 743 742 817 omnibus
759 671 1066 829 ohservationibus,
1083 735 1137 812 sed
1150 737 1325 836 praesertim
1343 746 1378 812 in
1395 739 1479 812 locis
1490 745 1605 838 apricis
1621 746 1654 814 dr
1677 745 1714 811 in
1730 738 1914 840 longinquis

587 837 1198 943 peregrinationibuspercommodum
1212 843 1285 908 erit.
1381 903 1386 912 ,

629 935 800 1010 Poliumue
817 943 916 1010 eriam
926 941 960 1007 in
970 933 1201 1007 observatione
1210 934 1408 1035 angulorum
1421 939 1474 1006 uti
1484 939 1659 1008 vitrorum
1669 933 1752 1008 linea
1769 935 1917 1010 inmedio

584 1031 703 1124 ineisa,
719 1045 793 1135 quar
807 1033 845 1105 stt
858 1033 958 1131 paulo
976 1031 1106 1104 craistor
1149 1033 1224 1103 uim
1241 1033 1415 1131 lineaque
1432 1029 1566 1130 profills
1583 1025 1687 1104 seritis
1699 1031 1918 1130 usurpanture

582 1137 720 1208 Vitrum
731 1139 821 1204 enim
833 1131 1057 1228 stcpatatum,
1075 1137 1109 1202 in
1121 1055 1305 1202 lenemelia
1315 1130 1356 1200 ed
1372 1150 1555 1218 extremum
1566 1131 1683 1230 regulae
1692 1129 1827 1202 mobilis
1838 1155 1919 1298 lua·

582 1229 709 1302 drantis
716 1223 949 1318 astronomici,
965 1225 1155 1326 aptabitur3
1172 1234 1218 1301 ita
1227 1247 1265 1298 ut
1275 1226 1358 1297 linea
1366 1233 1401 1296 in
1411 1224 1578 1322 superficie
1588 1233 1667 1313 vitri
1678 1226 1838 1326 descripta
1861 1235 1920 1300 im·

583 1327 665 1400 bum
675 1323 883 1400 instrumenti
890 1331 1084 1422 contingat,
1102 1325 1185 1399 &ad
1201 1344 1351 1396 centrum
1362 1324 1553 1422 quadrantis
1562 1321 1724 1422 dirigatur
1736 1355 1746 1395 .-
1759 1325 1920 1423 quamob-

580 1447 655 1595 1{effi
662 1447 699 1496 ea
707 1421 838 1520 capilio,
847 1430 906 1524 qui
914 1445 956 1494 eo
966 1427 999 1494 in
1008 1423 1088 1494 loco
1097 1421 1455 1520 apponitur,&multis
1463 1423 1682 1495 incommodis
1690 1421 1861 1496 obnoxius
1869 1421 1923 1505 est,

597 1547 617 1594 ιι
655 1527 683 1592 ci
726 1525 827 1594 orerit

627 1545 840 1692 Sunlaueem’
848 1623 908 1720 qui
921 1615 975 1692 fila
984 1614 1080 1690 serica
1090 1614 1207 1690 nostris
1215 1618 1310 1688 lineis
1320 1615 1545 1714 superuitrum
1554 1613 1789 1696 exararis‚eile
1799 1641 1926 1717 praepo·

580 1716 691 1790 nenda
707 1713 913 1806 existimant,
936 1739 1014 1788 cum
1029 1719 1107 1786 vitri
1120 1711 1301 1813 superficies
1318 1712 1553 1786 obscuritatem
1563 1715 1702 1808 objectis
1712 1713 1853 1790 afferant
1869 1735 1926 1788 aut

582 1819 619 1886 in
631 1837 777 1886 errorem
791 1815 970 1893 inducant,
986 1809 1088 1884 iinon
1099 1809 1161 1883 sint
1180 1809 1491 1908 redideomplanarae
1505 1808 1767 1906 sedfiejusmodi
1788 1807 1928 1886 difficul-

491 1903 499 1920 '
578 1909 704 1983 taribus
716 1937 790 2013 quac
798 1914 921 1984 nullius
931 1907 994 1982 lint
1002 1915 1191 2000 momenti,
1208 1930 1248 1979 ut
1256 1932 1297 1979 ex
1311 1906 1370 1984 usu
1379 1908 1524 2005 patebit,
1542 1907 1680 1982 inolita
1689 1909 1926 1982 methodoab-

580 2009 764 2099 ducantur,
785 2009 841 2082 fila
855 2007 1055 2084 vitreatedo
1072 2015 1105 2082 δι
1117 2001 1302 2079 heudecusa
1318 2003 1477 2078 inlocum
1493 2005 1628 2078 filorum
1639 2005 1821 2080 sericorum
1841 2006 1928 2082 subs-
2052 2003 2053 2030 ³

579 2111 660 2178 ritui
680 2127 860 2204 poterunt,
877 2127 950 2204 quae
971 2127 1042 2176 non
1054 2105 1165 2176 minuis
1180 2104 1274 2176 exilia
1292 2105 1393 2205 quim
1413 2101 1481 2202 ipsa
1500 2101 1559 2176 fiia'
1573 2104 1669 2177 serica
1686 2111 1930 2204 reperiuntur,

581 2227 725 2304 quaeque
745 2199 821 2276 satis
837 2197 913 2278 suut
929 2199 1046 2292 firma,
1063 2221 1103 2276 ut
1121 2203 1202 2274 airis
1219 2201 1441 2276 inconstantii
1461 2200 1582 2274 tedam
1599 2209 1833 2278 extentionem
1859 2227 1930 2278 non

583 2305 752 2374 amittant.
1225 2305 1227 2308 ’

594 2403 598 2418 ’
633 2397 695 2472 Sed
715 2418 754 2470 ut
771 2395 940 2471 redeamus
958 2395 1000 2470 ad
1018 2393 1186 2496 eclipstum
1206 2389 1475 2488 observationes,
1499 2392 1670 2471 fatendum
1694 2396 1743 2470 est
1760 2401 1858 2500 quod
1873 2395 1932 2470 etse
2052 2477 2053 2496 ἢ

582 2491 695 2595 phales
711 2499 896 2568 Lunariutn
913 2491 1080 2594 eclipsrum
1098 2496 1221 2594 quihus
1238 2493 1436 2568 Assronomi
1455 2501 1491 2566 in
1508 2493 1606 2566 rebus
1624 2493 1874 2570 Astronomicis
1896 2501 1932 2564 δε
2052 2501 2053 2520 ’

582 2592 826 2692 Geograp'hicie
843 2592 1047 2681 utebantur,
1072 2591 1172 2692 longi
1191 2601 1373 2666 accuratius
1390 2589 1579 2691 faciliusque
1599 2615 1664 2690 ope
1675 2591 1784 2666 nostri
1803 2593 1933 2668 reticuli
2052 2659 2053 2676 ,

581 2688 684 2792 quim
693 2685 802 2788 priscis
812 2689 999 2780 methodis,
1011 2714 1093 2790 quas
1102 2689 1434 2788 supriexposuimus,
1447 2685 1684 2780 observentur,
1698 2691 1807 2762 nihilo
1822 2693 1933 2765 minius

580 2791 783 2862 macularum
792 2789 893 2861 Lunae
908 2793 944 2862 in
952 2787 1191 2860 umbtaTerrae
1199 2789 1403 2878 occultatio,
1421 2812 1599 2886 earumque
1608 2789 1744 2862 luminis
1757 2813 1933 2887 recupera-

580 2893 655 2974 tio,
672 2886 773 2982 longe
789 2881 998 2960 commodius
1007 2881 1108 2984 quiin
1126 2882 1238 2981 phasee
1249 2905 1382 2984 propter
1400 2885 1670 2974 multitudinem,
1691 2891 1934 2988 minoremque

581 3003 776 3080 apparatum
793 2977 1082 3070 observabuntur,
1102 2977 1127 3052 su
1148 2977 1470 3080 telescopiotantum
1484 2981 1642 3080 serpedali
1667 3004 1811 3056 utamur
1829 3011 1840 3064 t
1859 2985 1935 3058 Solu
2052 3029 2053 3040 ι

581 3087 672 3154 enim
688 3079 804 3152 tabula
814 3081 949 3152 lunaris
962 3075 1039 3156 disci
1054 3076 1281 3174 inplenilunio
1299 3073 1473 3177 descripta,
1496 3103 1595 3180 quam
1606 3075 1658 3151 hie
1673 3080 1861 3184 depingere
1877 3107 1938 3156 eu·
2052 3089 2053 3096 ’

581 3183 753 3265 ravimus,
770 3170 918 3248 sufficiet.
934 3181 1141 3250 Ineaautem
1151 3181 1319 3272 praecipuae
1328 3171 1623 3252 maculaeufaculae
1635 3175 1838 3252 nominibus
1855 3203 1936 3278 pro·
2052 3257 2053 3262 ,

582 3279 662 3446 {riis
673 3271 829 3353 distindie
839 3271 934 3353 lunt,
949 3293 988 3344 ut
998 3269 1161 3344 sehabent
1172 3279 1206 3343 in
1220 3271 1430 3346 Astronomir
1443 3271 1640 3346 Reformrra
1656 3276 1700 3346 R.
1713 3281 1752 3349 P.
1774 3277 1939 3352 Riecioli.

622 3371 782 3442 orandum
818 3370 886 3442 uod
896 3370 1265 3462 inmajoributrnaculis
1275 3392 1406 3468 tempus
1416 3371 1937 3468 appulshsutnbraeadmaculam
2052 3451 2053 3460 χ

586 3476 621 3545 dr
634 3469 747 3540 totalis
764 3465 804 3541 de
840 3467 931 3548 uus,
954 3463 1007 3539 vel
1023 3472 1110 3540 initii
1127 3469 1162 3536 δι
1178 3465 1252 3539 finis
1261 3469 1451 3540 emersionie
1463 3474 1575 3540 notari
1584 3475 1710 3565 poterit
1722 3495 1856 3572 exquo
1873 3479 1941 3546 irn-
2052 3467 2053 3472 ἵ

584 3561 757 3640 mersionis
774 3574 808 3641 δι
820 3561 1010 3638 emersionis
1028 3568 1135 3636 centri
1156 3565 1289 3638 maeulae
1309 3589 1442 3663 tempus
1464 3561 1642 3666 colligitur.

628 3701 788 3794 Nomina
804 3695 997 3810 insignium
1014 3696 1169 3808 lucorum
1180 3699 1382 3809 apparemrr
1396 3698 1485 3808 disci
1497 3711 1612 3788 Luna.
1630 3695 1737 3786 Vide
1753 3699 1839 3792 Teb.
1849 3726 1892 3796 4·

639 3878 670 3928 r.
695 3855 906 3939 Grimnldus,
987 3857 998 4048 Ι
1068 3877 1120 3926 ιο.
1142 3855 1349 3940 Κςὶῃοιὰῃς,
1516 3856 1943 3956 ¹⁹=1nsulasmusmedii,

636 3973 666 4022 2.
691 3952 865 4032 Galilaeus‚

640 4071 669 4138 3.
695 4047 922 4144 Aristarchus,
984 4055 993 4202 Ι
1067 4073 1116 4124 12.
1142 4053 1307 4132 Helicon,
1510 4075 1562 4122 ιι.
1586 4053 1730 4160 Tycho,

635 4171 670 4232 4.
693 4148 874 4244 Keplerus‚
1062 4173 1112 4238 ις.
1139 4149 1337 4246 capuanus,
1511 4171 1565 4224 ιι.
1588 4154 1773 4244 Eudoxos,

642 4268 673 4338 ς.
698 4239 902 4336 Gallendus,
1061 4270 1113 4332 14.
1138 4247 1327 4336 Bulialdus,
1506 4271 1562 4338 23.
1585 4245 1812 4347 Aristoteles,

637 4350 671 4416 6.
697 4341 910 4434 Schiltardus,
1060 4368 1111 4438 ¹5·
1137 4341 1386 4434 Eratosthenes,
1501 4367 1556 4431 24·
1581 4347 1765 4440 Manilius,

636 4461 670 4526 7.
694 4435 882 4536 Harpalus,
1057 4451 1112 4514 16.
1134 4441 1367 4532 Timocharis,
1503 4465 1558 4532 23.
1583 4446 1781 4528 Menelaus,

637 4537 902 4618 &Heraclidem
1061 4561 1112 4624 17.
1137 4543 1255 4628 Plato,
1508 4551 1561 4612 26.
1586 4543 1752 4633 Hermes,

634 4657 671 4740 ρ.
696 4631 931 4744 Lanlbergius‚
1050 4641 1102 4714 18.
1127 4633 1362 4731 Archimedes,
1420 4636 1432 4724 l
1495 4660 1551 4732 47.
1576 4637 1822 4740 l'olstdunius,

1066 3977 1117 4026 11.
1145 3953 1373 4050 Coptrnieus‚
1511 3977 1563 4024 20.
1589 3959 1742 4052 Pitarue,

1883 4739 1938 4816 as.
