4220 5644
544 343 555 364 .
603 221 1053 381 Ufhs‘firbuiarum.
1460 259 1534 367 71.

167 389 320 460 mercurii
331 385 454 458 nullam
464 381 539 460 solis
552 386 663 458 motias
673 387 851 458 habuimus
867 393 1052 459 rationem,
1069 403 1144 453 cum
1164 379 1202 455 fit
1226 390 1318 481 patui
1341 396 1526 461 momentis
1580 439 1582 444 ,

169 483 222 559 [εά
235 487 338 556 iteam
348 485 468 557 babere
485 487 625 558 velimus
644 485 844 562 ,minuenda
855 489 916 555 erit
931 479 1007 552 CO
1026 486 1059 553 δι
1074 479 1361 580 CQquantitate
1383 483 1529 578 ejusdem

170 585 281 656 motin
291 579 366 654 solis
376 607 439 679 pro
453 590 584 654 ratione
602 580 870 680 temporiselapsr
884 588 970 653 inter
980 576 1154 650 transitum
1170 587 1275 651 centri
1295 575 1372 654 solis
1390 592 1423 659 δι
1439 609 1528 658 mer·

170 687 251 754 curii
266 705 326 776 per
334 678 493 753 circulum
503 681 734 753 meridianum.

220 777 346 850 Eadem
366 785 428 850 erit
445 777 625 850 methodus
643 783 678 852 in
696 776 910 850 observandis
923 774 1131 873 planetarum
1145 770 1307 848 distantiis
1326 780 1413 848 inter
1433 774 1530 850 scvel

173 899 248 947 curn
267 873 342 946 fixis
358 885 444 948 circa
461 879 673 973 Eciipticam,
692 885 803 973 paucis
821 895 933 948 tamen
943 879 1088 970 exceptis
1098 877 1236 942 minutis
1246 897 1318 944 non
1332 877 1437 949 modo
1448 901 1530 973 pro·

174 995 244 1072 pter
256 995 390 1043 motum
403 981 576 1072 proprium
587 977 791 1072 planetarum
806 973 872 1046 srve
885 971 925 1044 ad
935 971 1060 1043 easdem
1071 991 1179 1066 partes
1199 968 1264 1041 save
1275 973 1316 1043 ad
1325 982 1531 1056 contrarias,

174 1095 211 1142 ut
222 1071 365 1143 diximus
376 1073 417 1143 de
434 1070 547 1144 sole&
562 1077 748 1162 mercurio,
767 1072 935 1143 sedetiam
955 1090 1093 1166 propter
1110 1069 1358 1167 elongationem
1378 1072 1420 1143 ab
1439 1075 1531 1145 Ecii·

174 1175 262 1268 ptica
273 1167 328 1239 seu
341 1176 478 1242 nimiam
489 1170 717 1247 latitudinem,
740 1171 779 1240 de
790 1194 861 1268 quo
872 1163 926 1238 bic
935 1159 1097 1238 monuisse
1109 1158 1259 1238 sufficiat.
1526 1163 1528 1168 ’

222 1266 427 1340 Notandum
450 1269 534 1340 banc
551 1265 727 1339 secundam
753 1266 952 1338 methodum
971 1289 1034 1360 pro
1053 1260 1277 1363 investiganda
1296 1265 1531 1340 declinationis

175 1363 423 1440 &ascensionis
440 1367 535 1437 rebiae
553 1362 756 1453 differentia,
774 1363 879 1461 primi
896 1388 968 1434 non
987 1366 1224 1432 accuratiorem
1245 1357 1305 1432 eise
1325 1417 1336 1451 ,
1354 1366 1430 1435 iicet
1448 1390 1534 1460 pau-

175 1460 323 1534 cioribus
333 1464 465 1535 calculis
474 1460 685 1546 absolvatur3
702 1485 777 1533 nam
789 1461 922 1533 filorum
944 1465 1149 1532 mictometri
1166 1453 1338 1553 dispofitio
1353 1459 1532 1534 facundiam

176 1561 369 1731 parallelum
379 1561 491 1634 motuis
503 1561 631 1640 diurni,
649 1584 721 1632 non
740 1557 800 1633 nist
817 1565 915 1633 variis
932 1565 966 1634 ὃ(
981 1565 1115 1632 incertis
1133 1559 1376 1630 cantaminibus
1394 1561 1534 1636 obtine-

200 1680 281 1731 atur.

224 1754 330 1827 Aliud
349 1775 502 1852 praeterea
521 1762 769 1828 micrometrum
787 1757 1046 1854 excogitavimus
1073 1749 1168 1843 cujus
1192 1748 1399 1826 construdiio
1425 1753 1532 1831 facilis

176 1849 240 1934 esi3
251 1850 342 1926 aliud
359 1859 447 1925 enim
462 1856 543 1926 nihii
559 1849 605 1926 est
626 1854 685 1924 nisa
702 1853 823 1952 duplex
850 1858 989 1926 circinus
1006 1872 1045 1922 ut
1053 1845 1106 1919 bic
1115 1854 1310 1944 exponitur,
1326 1855 1418 1946 cujus
1436 1881 1534 1927 crura

177 1973 217 2026 ex
234 1975 304 2024 una
319 1971 415 2050 parte
432 1949 496 2026 sint
513 1955 653 2053 exempli
669 1960 776 2054 gratia
792 1953 863 2024 aliis
880 1949 986 2023 decies
1005 1949 1153 2040 majora,
1170 1944 1305 2044 ejusque
1322 1945 1428 2021 forma
1453 1956 1530 2024 talis

591 2051 594 2056 “
1048 2042 1163 2132 est,ut
1173 2050 1205 2115 in
1217 2046 1339 2116 tubum
1348 2047 1535 2148 Telescopii

1047 2165 1142 2214 crura
1160 2143 1315 2214 breviora
1327 2143 1536 2240 perfiffuram

1049 2245 1254 2320 intromitti,
1269 2249 1302 2314 δι
1318 2248 1353 2313 in
1371 2245 1449 2316 ioco
1466 2246 1537 2318 soci

1051 2338 1151 2410 lentis
1165 2337 1349 2427 objectiva
1377 2341 1539 2416 constitui

1053 2434 1196 2532 poffint,
1209 2441 1390 2508 &crurum
1402 2440 1540 2511 brevio-

1051 2557 1126 2605 rum
1144 2539 1250 2628 apices
1267 2535 1439 2609 acutissimi
1462 2546 1543 2638 qui·

180 2631 328 2708 bussibet
350 2633 490 2730 objesiis
505 2639 553 2704 'in
580 2624 658 2702 foco
676 2631 813 2726 «lepidis
830 2633 1036 2726 applicentur
1057 2658 1065 2702 a
1085 2657 1126 2702 ex
1143 2629 1256 2700 eadem
1275 2639 1364 2702 enim
1382 2660 1537 2730 apertura

182 2739 319 2820 circini,
339 2733 531 2833 longiorum
543 2751 676 2801 crurum
690 2735 796 2822 apices
807 2736 842 2799 in
860 2729 974 2798 scalam
988 2725 1123 2800 divisam
1143 2733 1177 2797 in
1196 2749 1304 2822 partes
1316 2755 1391 2827 qua
1406 2739 1536 2805 minuta

181 2827 481 2926 prima&secunda
490 2825 647 2899 exhibent
656 2826 767 2924 qualia
780 2821 859 2895 soco
878 2825 976 2897 lentis
994 2825 1166 2918 objectiva
1184 2834 1407 2919 conveniunt,
1428 2851 1542 2902 trans·

183 2923 352 3002 seruntur.
378 2923 511 2998 Divisio
528 2925 628 3017 hujus
645 2920 733 2994 scalae
752 2922 864 2996 eddem
883 2924 1047 2997 methodo
1064 2922 1175 3020 perfici
1185 2931 1331 3018 poterit,
1349 2929 1415 3026 qud
1428 2935 1462 3000 in
1476 2954 1539 3018 coe

184 3023 382 3126 gnoscendis
391 3021 527 3096 filorum
537 3019 769 3120 parallelorum
779 3022 911 3092 alterius
930 3027 1134 3095 micrometri
1143 3021 1322 3111 distantiis,
1341 3021 1538 3104 usrfuimus.

185 3125 276 3198 Nam
294 3118 354 3192 fiat
376 3141 416 3192 ut
442 3143 602 3192 numerus
619 3121 777 3190 linearum
796 3121 855 3191 ion
879 3121 1014 3192 itudinis
1033 3117 1102 3192 foci
1119 3121 1219 3190 lentis
1232 3119 1408 3210 objettivae
1421 3123 1542 3200 Teles-

186 3226 278 3316 copii
297 3219 338 3288 ad
356 3241 457 3290 unam
473 3217 591 3290 lineam
611 3273 622 3305 ,
643 3222 690 3286 ita
709 3217 817 3289 radius
834 3147 878 3288 ad
895 3236 1087 3312 tangentem
1107 3218 1219 3317 anguli
1238 3215 1298 3288 sub
1315 3243 1385 3289 una
1400 3215 1485 3295 linea
1501 3229 1554 3296 in-

186 3314 270 3390 foco
281 3313 708 3413 mensurati3quamobrcm
728 3313 859 3384 fictura
878 3317 1004 3406 majora
1022 3317 1213 3386 breviorum
1233 3312 1295 3384 sant
1306 3315 1467 3412 decupla,
1488 3345 1536 3390 ro

186 3407 530 3486 iineaescaiaeundem
541 3413 695 3510 anguium
715 3417 998 3508 metientur5quo
1014 3408 1266 3514 cognitosaciiis
1279 3419 1340 3482 erit
1350 3410 1438 3488 scaiae
1453 3418 1546 3490 divi·

188 3509 236 3583 [ιο
254 3517 289 3580 in
309 3515 439 3586 minuta
460 3519 565 3604 prima
584 3519 617 3580 br
634 3504 784 3580 secunda.
809 3511 890 3580 Hoc
908 3516 1126 3580 mictometro
1143 3515 1177 3580 in
1196 3508 1410 3580 observandis
1426 3517 1544 3610 piane·
1645 3579 1648 3588 .

187 3629 299 3680 aarum
318 3605 488 3678 diametris
511 3616 545 3683 dc
565 3603 705 3678 siderum
733 3608 787 3679 vel
813 3607 967 3679 iocorum
985 3605 1081 3706 super
1097 3631 1217 3681 terram
1236 3613 1345 3704 patuis
1361 3607 1545 3694 distantiis,

187 3713 242 3780 uti
263 3709 463 3802 poterimus.

878 2543 881 2550 ¹
907 2547 936 2561 ¹·-

577 3968 1157 4104 nas1nuuum

733 4210 1007 4332 observatione.
1033 4311 1037 4322 .

285 4404 516 4480 Bservationes
526 4399 666 4475 fidemm
677 4431 750 4504 quae
759 4431 818 4504 per
833 4412 907 4480 Dio
932 4405 1238 4506 trasTeiescopicas
1255 4407 1425 4485 habentur
1440 4420 1550 4492 inter-s

288 4507 345 4575 diu
356 4503 431 4573 sunt
442 4497 599 4574 facillima
608 4528 682 4573 eum
692 4502 748 4575 fila
760 4505 858 4578 serica
867 4433 1016 4578 dadinus
1025 4508 1200 4578 videantur
1218 4539 1229 4578 .·
1247 4508 1303 4580 [εά
1318 4509 1358 4582 de
1377 4514 1549 4590 nosdebia

194 4605 242 4670 ita
252 4601 327 4672 sunt
337 4598 551 4672 illuminanda
561 4599 630 4672 sace
642 4624 698 4672 aut
709 4603 840 4674 candelas
851 4626 888 4674 ut
903 4627 960 4699 per
970 4603 1207 4706 Telescopium
1224 4604 1322 4681 simul
1337 4633 1417 4682 cum
1433 4609 1549 4686 fidesi-

195 4696 468 4802 busappareaat,
484 4699 740 4802 quodvuigbfit
750 4702 885 4778 duobus
898 4703 1023 4778 modu.
